@article{suarez2019,
  title={Plant-growth promotion and biocontrol properties of three Streptomyces spp. isolates to control bacterial rice pathogens},
  author={Su{\'a}rez-Moreno, Zulma Roc{\'\i}o and Vinchira-Villarraga, Diana Marcela and Vergara-Morales, Diana Isabel and Castellanos, Leonardo and Ramos, Freddy A and Guarnaccia, Corrado and Degrassi, Giuliano and Venturi, Vittorio and Moreno-Sarmiento, Nubia},
  journal={Frontiers in Microbiology},
  volume={10},
  pages={290},
  year={2019},
  publisher={Frontiers Media SA}
}

@article{nguyen2020,
  title={Streptomyces sp. VN1, a producer of diverse metabolites including non-natural furan-type anticancer compound},
  author={Nguyen, Hue Thi and Pokhrel, Anaya Raj and Nguyen, Chung Thanh and Pham, Van Thuy Thi and Dhakal, Dipesh and Lim, Haet Nim and Jung, Hye Jin and Kim, Tae-Su and Yamaguchi, Tokutaro and Sohng, Jae Kyung},
  journal={Scientific reports},
  volume={10},
  number={1},
  pages={1--14},
  year={2020},
  publisher={Nature Publishing Group}
}

@article{kemung2018,
  title={Streptomyces as a prominent resource of future anti-MRSA drugs},
  author={Kemung, Hefa Mangzira and Tan, Loh Teng-Hern and Khan, Tahir Mehmood and Chan, Kok-Gan and Pusparajah, Priyia and Goh, Bey-Hing and Lee, Learn-Han},
  journal={Frontiers in microbiology},
  volume={9},
  pages={2221},
  year={2018},
  publisher={Frontiers Media SA}
}


@article{lee2020,
  title={Thirty complete Streptomyces genome sequences for mining novel secondary metabolite biosynthetic gene clusters},
  author={Lee, Namil and Kim, Woori and Hwang, Soonkyu and Lee, Yongjae and Cho, Suhyung and Palsson, Bernhard and Cho, Byung-Kwan},
  journal={Scientific data},
  volume={7},
  number={1},
  pages={1--9},
  year={2020},
  publisher={Nature Publishing Group}
}

@article{chater2016,
  title={Recent advances in understanding Streptomyces},
  author={Chater, Keith F},
  journal={F1000Research},
  volume={5},
  year={2016},
  publisher={Faculty of 1000 Ltd}
}

@article{donald2022,
  title={Streptomyces: Still the Biggest Producer of New Natural Secondary Metabolites, a Current Perspective},
  author={Donald, Lavinia and Pipite, Atanas and Subramani, Ramesh and Owen, Jeremy and Keyzers, Robert A and Taufa, Taitusi},
  journal={Microbiology Research},
  volume={13},
  number={3},
  pages={418--465},
  year={2022},
  publisher={Multidisciplinary Digital Publishing Institute}
}

@article{hutchings2019,
title = {Antibiotics: past, present and future},
journal = {Current Opinion in Microbiology},
volume = {51},
pages = {72-80},
year = {2019},
note = {Antimicrobials},
issn = {1369-5274},
doi = {https://doi.org/10.1016/j.mib.2019.10.008},
url = {https://www.sciencedirect.com/science/article/pii/S1369527419300190},
author = {Matthew I Hutchings and Andrew W Truman and Barrie Wilkinson},
abstract = {The first antibiotic, salvarsan, was deployed in 1910. In just over 100 years antibiotics have drastically changed modern medicine and extended the average human lifespan by 23 years. The discovery of penicillin in 1928 started the golden age of natural product antibiotic discovery that peaked in the mid-1950s. Since then, a gradual decline in antibiotic discovery and development and the evolution of drug resistance in many human pathogens has led to the current antimicrobial resistance crisis. Here we give an overview of the history of antibiotic discovery, the major classes of antibiotics and where they come from. We argue that the future of antibiotic discovery looks bright as new technologies such as genome mining and editing are deployed to discover new natural products with diverse bioactivities. We also report on the current state of antibiotic development, with 45 drugs currently going through the clinical trials pipeline, including several new classes with novel modes of action that are in phase 3 clinical trials. Overall, there are promising signs for antibiotic discovery, but changes in financial models are required to translate scientific advances into clinically approved antibiotics.}
}
@article{chatterjee2020,
  title={Bioconversion of renewable feedstocks by Rhodococcus opacus},
  author={Chatterjee, Anamika and DeLorenzo, Drew M and Carr, Rhiannon and Moon, Tae Seok},
  journal={Current opinion in biotechnology},
  volume={64},
  pages={10--16},
  year={2020},
  publisher={Elsevier}
}

@article{anthony2019,
  title={Development of Rhodococcus opacus as a chassis for lignin valorization and bioproduction of high-value compounds},
  author={Anthony, Winston E and Carr, Rhiannon R and DeLorenzo, Drew M and Campbell, Tayte P and Shang, Zeyu and Foston, Marcus and Moon, Tae Seok and Dantas, Gautam},
  journal={Biotechnology for biofuels},
  volume={12},
  number={1},
  pages={1--14},
  year={2019},
  publisher={Springer}
}

@article{krivoruchko2019,
  title={Advanced Rhodococcus biocatalysts for environmental biotechnologies},
  author={Krivoruchko, Anastasiia and Kuyukina, Maria and Ivshina, Irena},
  journal={Catalysts},
  volume={9},
  number={3},
  pages={236},
  year={2019},
  publisher={MDPI}
}

@article{alvarez2021,
  title={Rhodococcus as biofactories for microbial oil production},
  author={Alvarez, H{\'e}ctor M and Hern{\'a}ndez, Mart{\'\i}n A and Lanfranconi, Mariana P and Silva, Roxana A and Villalba, Mar{\'\i}a S},
  journal={Molecules},
  volume={26},
  number={16},
  pages={4871},
  year={2021},
  publisher={MDPI}
}

@article{cappelletti2020,
  title={Biotechnology of Rhodococcus for the production of valuable compounds},
  author={Cappelletti, Martina and Presentato, Alessandro and Piacenza, Elena and Firrincieli, Andrea and Turner, Raymond J and Zannoni, Davide},
  journal={Applied Microbiology and Biotechnology},
  volume={104},
  number={20},
  pages={8567--8594},
  year={2020},
  publisher={Springer}
}

@incollection{kuyukina2019,
  title={Bioremediation of contaminated environments using Rhodococcus},
  author={Kuyukina, Maria S and Ivshina, Irena B},
  booktitle={Biology of Rhodococcus},
  pages={231--270},
  year={2019},
  publisher={Springer}
}

@incollection{cappelletti2019,
  title={Genomics of Rhodococcus},
  author={Cappelletti, Martina and Zampolli, Jessica and Gennaro, Patrizia Di and Zannoni, Davide},
  booktitle={Biology of Rhodococcus},
  pages={23--60},
  year={2019},
  publisher={Springer}
}

@article{medema2015,
  title={Minimum information about a biosynthetic gene cluster},
  author={Medema, Marnix H and Kottmann, Renzo and Yilmaz, Pelin and Cummings, Matthew and Biggins, John B and Blin, Kai and De Bruijn, Irene and Chooi, Yit Heng and Claesen, Jan and Coates, R Cameron and others},
  journal={Nature chemical biology},
  volume={11},
  number={9},
  pages={625--631},
  year={2015},
  publisher={Nature Publishing Group}
}

@incollection{gokulan2014,
title = {Production of Secondary Metabolites of Bacteria},
editor = {Carl A. Batt and Mary Lou Tortorello},
booktitle = {Encyclopedia of Food Microbiology (Second Edition)},
publisher = {Academic Press},
edition = {Second Edition},
address = {Oxford},
pages = {561-569},
year = {2014},
isbn = {978-0-12-384733-1},
doi = {https://doi.org/10.1016/B978-0-12-384730-0.00203-2},
url = {https://www.sciencedirect.com/science/article/pii/B9780123847300002032},
author = {K. Gokulan and S. Khare and C. Cerniglia},
}

@article{rutledge2015,
  title={Discovery of microbial natural products by activation of silent biosynthetic gene clusters},
  author={Rutledge, Peter J and Challis, Gregory L},
  journal={Nature reviews microbiology},
  volume={13},
  number={8},
  pages={509--523},
  year={2015},
  publisher={Nature Publishing Group}
}

@article{ramirez2022,
  title={Impact of novel microbial secondary metabolites on the pharma industry},
  author={Ram{\'\i}rez-Rendon, Dulce and Passari, Ajit Kumar and Ruiz-Villaf{\'a}n, Beatriz and Rodr{\'\i}guez-Sanoja, Romina and S{\'a}nchez, Sergio and Demain, Arnold L},
  journal={Applied Microbiology and Biotechnology},
  pages={1--24},
  year={2022},
  publisher={Springer}
}

@article{demain2000,
  title={The natural functions of secondary metabolites},
  author={Demain, Arnold L and Fang, Aiqi},
  journal={History of modern biotechnology I},
  pages={1--39},
  year={2000},
  publisher={Springer}
}

@article{obrien2011,
  title={An ecological perspective of microbial secondary metabolism},
  author={Oâ€™Brien, Jonathan and Wright, Gerard D},
  journal={Current Opinion in Biotechnology},
  volume={22},
  number={4},
  pages={552--558},
  year={2011},
  publisher={Elsevier}
}


@article{van2020,
  title={Ecology and genomics of Actinobacteria: new concepts for natural product discovery},
  author={van Bergeijk, Doris A and Terlouw, Barbara R and Medema, Marnix H and van Wezel, Gilles P},
  journal={Nature Reviews Microbiology},
  volume={18},
  number={10},
  pages={546--558},
  year={2020},
  publisher={Nature Publishing Group}
}

@article{jagannathan2021,
  title={Marine actinomycetes, new sources of biotechnological products},
  author={Jagannathan, Sveta V and Manemann, Erika M and Rowe, Sarah E and Callender, Maiya C and Soto, William},
  journal={Marine Drugs},
  volume={19},
  number={7},
  pages={365},
  year={2021},
  publisher={MDPI}
}

@article{van2017,
  title={Chemical ecology of antibiotic production by actinomycetes},
  author={Van der Meij, Anne and Worsley, Sarah F and Hutchings, Matthew I and van Wezel, Gilles P},
  journal={FEMS microbiology reviews},
  volume={41},
  number={3},
  pages={392--416},
  year={2017},
  publisher={Oxford University Press}
}

@article{hei2021,
  title={Antimicrobial activity and biosynthetic potential of cultivable actinomycetes associated with Lichen symbiosis from Qinghai-Tibet Plateau},
  author={Hei, Yueyu and Zhang, Hongli and Tan, Nana and Zhou, Yuhan and Wei, Xin and Hu, Chenhao and Liu, Yuande and Wang, Le and Qi, Jianzhao and Gao, Jin-Ming},
  journal={Microbiological Research},
  volume={244},
  pages={126652},
  year={2021},
  publisher={Elsevier}
}

@article{sapkota2020,
  title={Isolation, characterization, and screening of antimicrobial-producing actinomycetes from soil samples},
  author={Sapkota, Anupama and Thapa, Aishwarya and Budhathoki, Anupa and Sainju, Muskan and Shrestha, Prativa and Aryal, Sagar},
  journal={International journal of microbiology},
  volume={2020},
  year={2020},
  publisher={Hindawi}
}

@article{flores2021,
  title={Evaluation of antimicrobial and antiproliferative activities of Actinobacteria isolated from the saline lagoons of northwestern Peru},
  author={Flores Clavo, Rene and Ruiz Qui{\~n}ones, Nataly and Hern{\'a}ndez-Tasco, {\'A}lvaro Jose and Jos{\'e} Salvador, Marcos and Tasca Gois Ruiz, Ana L{\'u}cia and de Oliveira Braga, L{\'u}cia Elaine and Henrique Costa, Jonas and Pacheco Fill, Ta{\'\i}cia and Arce Gil, Zhandra Lizeth and Serquen Lopez, Luis Miguel and others},
  journal={PloS one},
  volume={16},
  number={9},
  pages={e0240946},
  year={2021},
  publisher={Public Library of Science San Francisco, CA USA}
}


@article{norine,
  title={NORINE: a database of nonribosomal peptides},
  author={Caboche, S{\'e}golene and Pupin, Maude and Leclere, Val{\'e}rie and Fontaine, Arnaud and Jacques, Philippe and Kucherov, Gregory},
  journal={Nucleic acids research},
  volume={36},
  number={1},
  pages={D326--D331},
  year={2007},
  publisher={Oxford University Press}
}

@article{bagel3,
  title={BAGEL3: automated identification of genes encoding bacteriocins and (non-) bactericidal posttranslationally modified peptides},
  author={Van Heel, Auke J and de Jong, Anne and Montalban-Lopez, Manuel and Kok, Jan and Kuipers, Oscar P},
  journal={Nucleic acids research},
  volume={41},
  number={W1},
  pages={W448--W453},
  year={2013},
  publisher={Oxford University Press}
}

@article{bagel2,
  title={BAGEL2: mining for bacteriocins in genomic data},
  author={De Jong, Anne and van Heel, Auke J and Kok, Jan and Kuipers, Oscar P},
  journal={Nucleic Acids Research},
  volume={38},
  number={suppl\_2},
  pages={W647--W651},
  year={2010},
  publisher={Oxford University Press}
}

@article{clusean,
  title={CLUSEAN: a computer-based framework for the automated analysis of bacterial secondary metabolite biosynthetic gene clusters},
  author={Weber, Tilmann and Rausch, C and Lopez, P and Hoof, I and Gaykova, V and Huson, DH and Wohlleben, W},
  journal={Journal of biotechnology},
  volume={140},
  number={1-2},
  pages={13--17},
  year={2009},
  publisher={Elsevier}
}

@article{antismash,
  title={antiSMASH: rapid identification, annotation and analysis of secondary metabolite biosynthesis gene clusters in bacterial and fungal genome sequences},
  author={Medema, Marnix H and Blin, Kai and Cimermancic, Peter and De Jager, Victor and Zakrzewski, Piotr and Fischbach, Michael A and Weber, Tilmann and Takano, Eriko and Breitling, Rainer},
  journal={Nucleic acids research},
  volume={39},
  number={suppl\_2},
  pages={W339--W346},
  year={2011},
  publisher={Oxford University Press}
}

@article{felicio2021,
  title={Chemical elicitors induce rare bioactive secondary metabolites in deep-sea bacteria under laboratory conditions},
  author={de Fel{\'\i}cio, Rafael and Ballone, Patricia and Bazzano, Cristina Freitas and Alves, Luiz FG and Sigrist, Renata and Infante, Gina Polo and Niero, Henrique and Rodrigues-Costa, Fernanda and Fernandes, Arthur Zanetti Nunes and Tonon, Luciane AC and others},
  journal={Metabolites},
  volume={11},
  number={2},
  pages={107},
  year={2021},
  publisher={MDPI}
}

@article{jose2021,
  title={Actinobacteria in natural products research: Progress and prospects},
  author={Jose, Polpass Arul and Maharshi, Anjisha and Jha, Bhavanath},
  journal={Microbiological Research},
  volume={246},
  pages={126708},
  year={2021},
  publisher={Elsevier}
}

@article{demain2009,
  title={Microbial drug discovery: 80 years of progress},
  author={Demain, Arnold L and Sanchez, Sergio},
  journal={The Journal of antibiotics},
  volume={62},
  number={1},
  pages={5--16},
  year={2009},
  publisher={Nature Publishing Group}
}
@article{genilloud2017,
  title={Actinomycetes: still a source of novel antibiotics},
  author={Genilloud, Olga},
  journal={Natural product reports},
  volume={34},
  number={10},
  pages={1203--1232},
  year={2017},
  publisher={Royal Society of Chemistry}
}

@article{chater2016,
  title={Recent advances in understanding Streptomyces},
  author={Chater, Keith F},
  journal={F1000Research},
  volume={5},
  year={2016},
  publisher={Faculty of 1000 Ltd}
}

@incollection{yadav2018,
  title={Actinobacteria from rhizosphere: molecular diversity, distributions, and potential biotechnological applications},
  author={Yadav, Ajar Nath and Verma, Priyanka and Kumar, Sunil and Kumar, Vinod and Kumar, Manish and Sugitha, Thankappan Chellammal Kumari and Singh, Bhim P and Saxena, Anil Kumar and Dhaliwal, Harcharan Singh},
  booktitle={New and future developments in microbial biotechnology and bioengineering},
  pages={13--41},
  year={2018},
  publisher={Elsevier}
}

@article{dhara2019,
  
author={Freitas, Dhara Y. and AraÃºjo, Susana and Folador, Adriana R. C. and Ramos, Rommel T. J. and Azevedo, Juliana S. N. and TacÃ£o, Marta and Silva, Artur and Henriques, Isabel and BaraÃºna, Rafael A.},   	 
title={Extended spectrum beta-lactamase-producing gram-negative bacteria recovered from an Amazonian lake near the city of Bel{\'e}m, Brazil},
journal={Frontiers in microbiology},
volume={10},
pages={364},
year={2019},
publisher={Frontiers Media SA},
url={https://doi.org/10.3389/fmicb.2019.00364},       
doi={10.3389/fmicb.2019.00364}
}

@article{aleman1996,
  title={Corynebacterium pseudotuberculosis infection in horses: 538 cases (1982-1993).},
  author={Aleman, Monica and Spier, Sharon J and Wilson, W David and Doherr, Marcus},
  journal={Journal of the American Veterinary Medical Association},
  volume={209},
  number={4},
  pages={804--809},
  year={1996}
}

@article{hoeksema2019,
  doi = {10.1186/s12864-019-5648-7},
  url = {https://doi.org/10.1186/s12864-019-5648-7},
  year = {2019},
  month = apr,
  publisher = {Springer Science and Business Media {LLC}},
  volume = {20},
  number = {1},
  author = {Marloes Hoeksema and Martijs J. Jonker and Stanley Brul and Benno H. ter Kuile},
  title = {Effects of a previously selected antibiotic resistance on mutations acquired during development of a second resistance in Escherichia coli},
  journal = {{BMC} Genomics}
}

@article{rhodes2015,
author = {Rhodes, D.M. and Magdesian, K.G. and Byrne, B.A. and Kass, P.H. and Edman, J. and Spier, S.J.},
title = {Minimum Inhibitory Concentrations of Equine Corynebacterium pseudotuberculosis Isolates (1996â€“2012)},
journal = {Journal of Veterinary Internal Medicine},
volume = {29},
number = {1},
pages = {327-332},
keywords = {Antibiotics, Horse, Infection, Susceptibility},
doi = {https://doi.org/10.1111/jvim.12534},
url = {https://onlinelibrary.wiley.com/doi/abs/10.1111/jvim.12534},
eprint = {https://onlinelibrary.wiley.com/doi/pdf/10.1111/jvim.12534},
year = {2015}
}

@book{clsi2020,
  title={Performance standards for antimicrobial susceptibility testing},
  author={CLSI},
  publisher={CLSI Supplement M100. Clinical and Laboratory Standards Institute},
  edition = {30},
  address={Wayne, PA},
  year={2020},
}

@book{clsi2015,
  title={Methods for Antimicrobial Dilution and Disk Susceptibility Testing of Infrequently Isolated or Fastidious Bacteria},
  author={CLSI},
  publisher={CLSI Supplement M100. Clinical and Laboratory Standards Institute},
  edition = {3},
  address={Wayne, PA},
  year={2015},
}

@article{barauna2017,
    doi = {10.1371/journal.pone.0170676},
    author = {Bara{\'u}na, Rafael A. AND Ramos, Rommel T. J. AND Veras, Adonney A. O. AND Pinheiro, Kenny C. AND Benevides, Leandro J. AND Viana, Marcus V. C. AND GuimarÃ£es, LuÃ­s C. AND Edman, Judy M. AND Spier, Sharon J. AND Azevedo, Vasco AND Silva, Artur},
    journal = {PLOS ONE},
    publisher = {Public Library of Science},
    title = {Assessing the Genotypic Differences between Strains of Corynebacterium pseudotuberculosis biovar equi through Comparative Genomics},
    year = {2017},
    month = {01},
    volume = {12},
    url = {https://doi.org/10.1371/journal.pone.0170676},
    pages = {1-19},
    number = {1},

}

@book{ibge1993,
	Address = {Rio de Janeiro},
	Author = {IBGE},
	Date-Added = {2013-08-21 13:56:10 +0000},
	Date-Modified = {2013-08-21 13:56:10 +0000},
	Edition = {3},
	Organization = {http://biblioteca.ibge.gov.br/visualizacao/livros/liv23907.pdf},
	Publisher = {Centro de Documenta{\c c}{\~a}o e Dissemina{\c c}{\~a}o de Informa{\c c}{\~o}es. Funda{\c c}{\~a}o Intituto Brasileiro de Geografia e Estat{\'\i}stica},
	Title = {Normas de apresenta{\c c}{\~a}o tabular},
	Urlaccessdate = {21 ago 2013},
	Year = {1993}}

@misc{abntex2-wiki-como-customizar,
	Author = {Lauro C{\'e}sar Araujo},
	Date-Added = {2013-03-23 21:39:21 +0000},
	Date-Modified = {2015-04-27 22:43:06 +0000},
	Howpublished = {Wiki do abnTeX2},
	Keywords = {wiki},
	Title = {Como customizar o abnTeX2},
	Url = {https://github.com/abntex/abntex2/wiki/ComoCustomizar},
	Urlaccessdate = {27 abr 2015},
	Year = {2015},
	Bdsk-Url-1 = {https://github.com/abntex/abntex2/wiki/ComoCustomizar}}

@manual{talbot2012,
	Author = {Nicola L.C. Talbot},
	Date-Added = {2013-03-11 12:06:04 +0000},
	Date-Modified = {2013-03-11 12:06:56 +0000},
	Month = {Nov.},
	Title = {User Manual for glossaries.sty},
	Url = {http://mirrors.ctan.org/macros/latex/contrib/glossaries/glossaries-user.pdf},
	Urlaccessdate = {11 mar. 2013},
	Year = {2012},
	Bdsk-Url-1 = {http://mirrors.ctan.org/macros/latex/contrib/glossaries/glossaries-user.pdf}}

@manual{babel,
	Author = {Johannes Braams},
	Date-Added = {2013-02-17 13:37:14 +0000},
	Date-Modified = {2013-02-17 13:38:38 +0000},
	Month = {Apr.},
	Title = {Babel, a multilingual package for use with LATEX's standard document classes},
	Url = {http://mirrors.ctan.org/info/babel/babel.pdf},
	Urlaccessdate = {17 fev. 2013},
	Year = {2008},
	Bdsk-Url-1 = {http://mirrors.ctan.org/info/babel/babel.pdf}}

@manual{abntex2modelo-artigo,
	Annote = {Este documento {\'e} derivado do \cite{abnt-bibtex-doc}},
	Author = {Lauro C{\'e}sar Araujo},
	Date-Added = {2013-01-15 00:10:35 +0000},
	Date-Modified = {2015-04-27 22:43:13 +0000},
	Organization = {Equipe abnTeX2},
	Title = {Modelo Can{\^o}nico de Artigo Cient{\'\i}fico com abnTeX2},
	Url = {http://www.abntex.net.br/},
	Year = {2015},
	Bdsk-Url-1 = {http://www.abntex.net.br/}}

@manual{abntex2modelo-relatorio,
	Annote = {Este documento {\'e} derivado do \cite{abnt-bibtex-doc}},
	Author = {Lauro C{\'e}sar Araujo},
	Date-Added = {2013-01-15 00:05:34 +0000},
	Date-Modified = {2015-04-27 22:43:18 +0000},
	Organization = {Equipe abnTeX2},
	Title = {Modelo Can{\^o}nico de Relat{\'o}rio T{\'e}cnico e/ou Cient{\'\i}fico com abnTeX2},
	Url = {http://www.abntex.net.br/},
	Year = {2015},
	Bdsk-Url-1 = {http://www.abntex.net.br/}}

@manual{abntex2modelo,
	Annote = {Este documento {\'e} derivado do \cite{abnt-bibtex-doc}},
	Author = {Lauro C{\'e}sar Araujo},
	Date-Added = {2013-01-12 22:55:32 +0000},
	Date-Modified = {2015-04-27 22:43:32 +0000},
	Organization = {Equipe abnTeX2},
	Title = {Modelo Can{\^o}nico de Trabalho Acad{\^e}mico com abnTeX2},
	Url = {http://www.abntex.net.br/},
	Year = {2015},
	Bdsk-Url-1 = {http://www.abntex.net.br/}}

@mastersthesis{araujo2012,
	Address = {Bras{\'\i}lia},
	Author = {Lauro C{\'e}sar Araujo},
	Date-Added = {2013-01-09 11:04:42 +0000},
	Date-Modified = {2013-01-09 11:04:42 +0000},
	Month = {mar.},
	School = {Universidade de Bras{\'\i}lia},
	Subtitle = {uma perspectiva de {A}rquitetura da {I}nforma{\c c}{\~a}o da {E}scola de {B}ras{\'\i}lia},
	Title = {Configura{\c c}{\~a}o},
	Year = {2012}}

@manual{memoir,
	Address = {Normandy Park, WA},
	Author = {Peter Wilson and Lars Madsen},
	Date-Added = {2013-01-09 10:37:50 +0000},
	Date-Modified = {2013-03-21 13:23:25 +0000},
	Organization = {The Herries Press},
	Title = {The Memoir Class for Configurable Typesetting - User Guide},
	Url = {http://mirrors.ctan.org/macros/latex/contrib/memoir/memman.pdf},
	Urlaccessdate = {19 dez. 2012},
	Year = {2010},
	Bdsk-Url-1 = {http://ctan.tche.br/macros/latex/contrib/memoir/memman.pdf}}

@manual{abntex2cite-alf,
	Annote = {Este documento {\'e} derivado do \cite{abnt-bibtex-alf-doc}},
	Author = {Lauro C{\'e}sar Araujo},
	Date-Added = {2013-01-09 10:37:45 +0000},
	Date-Modified = {2015-04-27 22:43:44 +0000},
	Organization = {Equipe abnTeX2},
	Title = {O pacote abntex2cite: t{\'o}picos espec{\'\i}ficos da ABNT NBR 10520:2002 e o estilo bibliogr{\'a}fico alfab{\'e}tico (sistema autor-data)},
	Url = {http://www.abntex.net.br/},
	Year = {2015},
	Bdsk-Url-1 = {http://www.abntex.net.br/}}

@manual{abntex2cite,
	Annote = {Este documento {\'e} derivado do \cite{abnt-bibtex-doc}},
	Author = {Lauro C{\'e}sar Araujo},
	Date-Added = {2013-01-09 10:37:45 +0000},
	Date-Modified = {2015-04-27 22:43:38 +0000},
	Organization = {Equipe abnTeX2},
	Title = {O pacote abntex2cite: Estilos bibliogr{\'a}ficos compat{\'\i}veis com a ABNT NBR 6023},
	Url = {http://www.abntex.net.br/},
	Year = {2015},
	Bdsk-Url-1 = {http://www.abntex.net.br/}}

@manual{abntex2classe,
	Author = {Lauro C{\'e}sar Araujo},
	Date-Added = {2013-01-09 10:37:38 +0000},
	Date-Modified = {2015-04-27 22:42:47 +0000},
	Organization = {Equipe abnTeX2},
	Title = {A classe abntex2: Modelo can{\^o}nico de trabalhos acad{\^e}micos brasileiros compat{\'\i}vel com as normas ABNT NBR 14724:2011, ABNT NBR 6024:2012 e outras},
	Url = {http://www.abntex.net.br/},
	Year = {2015},
	Bdsk-Url-1 = {http://www.abntex.net.br/}}

@manual{NBR10520:2002,
	Address = {Rio de Janeiro},
	Date-Added = {2012-12-15 21:43:38 +0000},
	Date-Modified = {2013-01-12 22:17:20 +0000},
	Month = {ago.},
	Org-Short = {ABNT},
	Organization = {Associa{\c c}\~ao Brasileira de Normas T\'ecnicas},
	Pages = 7,
	Subtitle = {Informa{\c c}\~ao e documenta{\c c}\~ao --- Apresenta{\c c}\~ao de cita{\c c}\~oes em documentos},
	Title = {{NBR} 10520},
	Year = 2002}

@manual{NBR6024:2012,
	Address = {Rio de Janeiro},
	Date-Added = {2012-12-15 21:24:06 +0000},
	Date-Modified = {2012-12-15 21:24:28 +0000},
	Month = {fev.},
	Org-Short = {ABNT},
	Organization = {Associa{\c c}\~ao Brasileira de Normas T\'ecnicas},
	Pages = 4,
	Subtitle = {Numera{\c c}\~ao progressiva das se{\c c}\~oes de um documento},
	Title = {{NBR} 6024},
	Year = 2012}

@manual{NBR6028:2003,
	Address = {Rio de Janeiro},
	Date-Added = {2012-12-15 21:02:12 +0000},
	Date-Modified = {2012-12-15 21:02:50 +0000},
	Month = {nov.},
	Org-Short = {ABNT},
	Organization = {Associa{\c c}\~ao Brasileira de Normas T\'ecnicas},
	Pages = 2,
	Subtitle = {Resumo - Apresenta{\c c}{\~a}o},
	Title = {{NBR} 6028},
	Year = 2003}

@manual{NBR14724:2001,
	Address = {Rio de Janeiro},
	Date-Added = {2012-12-15 20:34:08 +0000},
	Date-Modified = {2012-12-15 20:34:08 +0000},
	Month = {jul.},
	Org-Short = {ABNT},
	Organization = {Associa{\c c}\~ao Brasileira de Normas T\'ecnicas},
	Pages = 6,
	Subtitle = {Informa{\c c}\~ao e documenta{\c c}\~ao --- trabalhos acad\^emicos --- apresenta{\c c}\~ao},
	Title = {{NBR} 14724},
	Year = 2001}

@manual{NBR14724:2002,
	Address = {Rio de Janeiro},
	Date-Added = {2012-12-15 20:34:17 +0000},
	Date-Modified = {2012-12-15 20:34:17 +0000},
	Month = {ago.},
	Org-Short = {ABNT},
	Organization = {Associa{\c c}\~ao Brasileira de Normas T\'ecnicas},
	Pages = 6,
	Subtitle = {Informa{\c c}\~ao e documenta{\c c}\~ao --- trabalhos acad\^emicos --- apresenta{\c c}\~ao},
	Title = {{NBR} 14724},
	Year = 2002}

@manual{NBR14724:2005,
	Address = {Rio de Janeiro},
	Date-Added = {2012-12-15 20:34:08 +0000},
	Date-Modified = {2012-12-15 20:35:25 +0000},
	Month = {dez.},
	Org-Short = {ABNT},
	Organization = {Associa{\c c}\~ao Brasileira de Normas T\'ecnicas},
	Pages = 9,
	Subtitle = {Informa{\c c}\~ao e documenta{\c c}\~ao --- trabalhos acad\^emicos --- apresenta{\c c}\~ao},
	Title = {{NBR} 14724},
	Year = 2005}

@manual{NBR14724:2011,
	Address = {Rio de Janeiro},
	Date-Added = {2012-12-15 20:34:08 +0000},
	Date-Modified = {2012-12-15 20:35:25 +0000},
	Month = {mar.},
	Note = {Substitui a Ref.~\citeonline{NBR14724:2005}},
	Org-Short = {ABNT},
	Organization = {Associa{\c c}\~ao Brasileira de Normas T\'ecnicas},
	Pages = 15,
	Subtitle = {Informa{\c c}\~ao e documenta{\c c}\~ao --- trabalhos acad\^emicos --- apresenta{\c c}\~ao},
	Title = {{NBR} 14724},
	Year = 2011}

@article{van86,
	Author = {{van}, Gigch, John P. and Leo L. Pipino},
	Journal = {Future Computing Systems},
	Number = {1},
	Pages = {71-97},
	Title = {In search for a paradigm for the discipline of information systems},
	Volume = {1},
	Year = {1986}}

@phdthesis{guizzardi2005,
	Address = {Enschede, The Netherlands},
	Author = {Giancarlo Guizzardi},
	Date-Added = {2012-04-23 11:35:28 +0000},
	Date-Modified = {2012-04-23 11:35:28 +0000},
	School = {Centre for Telematics and Information Technology, University of Twente},
	Title = {Ontological Foundations for Structural Conceptual Models},
	Url = {http://www.loa.istc.cnr.it/Guizzardi/SELMAS-CR.pdf},
	Urlaccessdate = {3 jul. 2011},
	Year = {2005},
	Bdsk-Url-1 = {http://www.loa.istc.cnr.it/Guizzardi/SELMAS-CR.pdf}}

@mastersthesis{macedo2005,
	Author = {Fl{\'a}via L. Macedo},
	Date-Added = {2012-04-23 11:35:13 +0000},
	Date-Modified = {2012-04-23 11:35:13 +0000},
	Keywords = {arquitetura da informa{\c c}{\~a}o},
	School = {Universidade de Bras{\'\i}lia},
	Title = {Arquitetura da Informa{\c c}{\~a}o: aspectos espistemol{\'o}gicos, cient{\'\i}ficos e pr{\'a}ticos.},
	Type = {Disserta{\c c}{\~a}o de Mestrado},
	Year = {2005}}

@manual{EIA649B,
	Address = {EUA},
	Date-Added = {2012-04-23 11:34:59 +0000},
	Date-Modified = {2012-04-23 11:34:59 +0000},
	Keywords = {norma},
	Month = {June},
	Organization = {TechAmerica},
	Title = {ANSI/EIA 649-B: Configuration Management Standard},
	Year = {2011}}

@inproceedings{masolo2010,
	Author = {Claudio Masolo},
	Booktitle = {Proceedings of the Twelfth International Conference on the Principles of Knowledge Representation and Reasoning (KR 2010)},
	Date-Added = {2012-04-23 11:34:38 +0000},
	Date-Modified = {2012-04-23 11:34:38 +0000},
	Editor = {Lin, F. and Sattler, U.},
	Pages = {258-268},
	Publisher = {AAAI Press},
	Title = {Understanding Ontological Levels},
	Url = {http://wiki.loa-cnr.it/Papers/kr10v0.7.pdf},
	Urlaccessdate = {2 jan. 2012},
	Year = {2010},
	Bdsk-Url-1 = {http://wiki.loa-cnr.it/Papers/kr10v0.7.pdf}}

@inbook{guarino1995,
	Address = {Vienna},
	Author = {Nicola Guarino},
	Booktitle = {Philosophy and the Cognitive Science},
	Date-Added = {2012-04-23 11:34:29 +0000},
	Date-Modified = {2012-04-23 11:34:29 +0000},
	Editor = {R. Casati and B. Smith and G. White},
	Month = {Sept.},
	Pages = {443-456},
	Publisher = {Holder-Pivhler-Tempsky},
	Title = {The Ontological Level},
	Url = {http://wiki.loa-cnr.it/Papers/OntLev.pdf},
	Urlaccessdate = {2 jan. 2012},
	Year = {1995},
	Bdsk-Url-1 = {http://wiki.loa-cnr.it/Papers/OntLev.pdf}}

@incollection{bates2010,
	Address = {New York},
	Author = {Marcia J. Bates},
	Booktitle = {Encyclopedia of Library and Information Sciences},
	Date-Added = {2012-04-23 11:34:29 +0000},
	Date-Modified = {2012-04-23 11:34:29 +0000},
	Edition = {3rd},
	Editor = {Marcia J. Bates and Mary Niles Maack},
	Pages = {2347-2360},
	Publisher = {CRC Press},
	Title = {Information},
	Url = {http://pages.gseis.ucla.edu/faculty/bates/articles/information.html},
	Urlaccessdate = {24 out. 2011},
	Volume = {3},
	Year = {2010},
	Bdsk-Url-1 = {http://pages.gseis.ucla.edu/faculty/bates/articles/information.html}}

@book{doxiadis1965,
	Author = {Constantinos A. Doxiadis},
	Date-Added = {2012-04-23 11:34:20 +0000},
	Date-Modified = {2012-04-23 11:34:20 +0000},
	Publisher = {Ceira - Coimbra},
	Title = {Arquitetura em Transi{\c c}{\~a}o},
	Year = {1965}}

@book{dewey1980,
	Address = {New York, NY, USA},
	Author = {John Dewey},
	Date-Added = {2012-04-23 11:34:16 +0000},
	Date-Modified = {2012-04-23 11:34:16 +0000},
	Publisher = {Perigee Books},
	Title = {Art as Experience},
	Year = {1980}}

@article{mukherjee2016,
  title={Genomes OnLine Database (GOLD) v. 6: data updates and feature enhancements},
  author={Mukherjee, Supratim and Stamatis, Dimitri and Bertsch, Jon and Ovchinnikova, Galina and Verezemska, Olena and Isbandi, Michelle and Thomas, Alex D and Ali, Rida and Sharma, Kaushal and Kyrpides, Nikos C and others},
  journal={Nucleic Acids Research},
  pages={gkw992},
  year={2016},
  publisher={Oxford Univ Press}
}

@article{gapblaster2016,
  title={GapBlaster: a graphical gap filler for prokaryote genomes},
  author={de S{\'a}, Pablo HCG and Miranda, F{\'a}bio and Veras, Adonney and de Melo, Diego Magalh{\~a}es and Soares, Siomar and Pinheiro, Kenny and Guimar{\~a}es, Luis and Azevedo, Vasco and Silva, Artur and Ramos, Rommel TJ},
  journal={PloS one},
  volume={11},
  number={5},
  pages={e0155327},
  year={2016},
  publisher={Public Library of Science}
}
